@Manual{itoilab2025,
  title        = {研究室新入生向け開発環境構築ガイド},
  month        = jan,
  note         = {Accessed on 2025/10/16},
  organization = {東京大学大学院 糸井・小山研究室},
  year         = {2025},
  url          = {https://github.com/ItoiLab/Itoilab-setup-guide/blob/main/Itoilab-setup-guide.md},
}

@Misc{yamamotoHP,
  author = {山本昌志},
  note   = {Accessed on 2025/10/16},
  title  = {Yamamoto's Laboratory},
  url    = {http://www.yamamo10.jp/yamamoto/comp/latex/index.html},
}

@article{lee2025,
  title={Latent space-based Bayesian approach to the NASA and DNV challenge 2025},
  author={Lee, Sangwon and Kitahara, Masaru and Yaoyama, Taro and Itoi, Tatsuya},
  year={2025}
}

@Comment{jabref-meta: databaseType:bibtex;}
